101 691000134 0999123450906011138A094101FEDERAL RESERVE BANK   MY BANK                REF00200
5200 CompanyNameHere  CompanyDescriptive CompanyIDPOS EntryDescDeDate171206340A000000230000010
627000000021000000000000000025000000012INDID0000000001MYINDNAMEHITHAR0000000021000000200001000
705N1*1U*Spring Valley Nursing\N1*BE*Dante Culpepper*34*468669999\                 00010000015
820000000101020304050000001250500000001250501234567890SampleMessageAuth  010000000011110000007
9000001000001000000020009101298000000000000000000095000                               Reserved